@inproceedings{non-differentiable_image,
author = {Wakin, Michael B. and Donoho, David L. and Choi, Hyeokho  and Baraniuk, Richard G.},
title = {The multiscale structure of non-differentiable image manifolds},
booktitle = {Proc. SPIE},
year = {2005},
}
%volume = {5914},
%number = {},

@inproceedings{coates2011selecting,
  title={Selecting receptive fields in deep networks},
  author={Coates, Adam and Ng, Andrew Y},
  booktitle={Proc. NIPS},
  year={2011}
}

@article{duchi2011adaptive,
  title={Adaptive subgradient methods for online learning and stochastic optimization},
  author={Duchi, John and Hazan, Elad and Singer, Yoram},
  journal={Journal of Machine Learning Research},
  volume={12},
  number={Jul},
  pages={2121--2159},
  year={2011}
}

@article{kingma2014adam,
  title={Adam: A method for stochastic optimization},
  author={Kingma, Diederik and Ba, Jimmy},
  journal={arXiv preprint arXiv:1412.6980},
  year={2014}
}

@inproceedings{dauphin2014identifying,
  title={Identifying and attacking the saddle point problem in high-dimensional non-convex optimization},
  author={Dauphin, Yann N and Pascanu, Razvan and Gulcehre, Caglar and Cho, Kyunghyun and Ganguli, Surya and Bengio, Yoshua},
  booktitle={Advances in neural information processing systems},
  pages={2933--2941},
  year={2014}
}

@article{hinton2012lecture,
  title={Lecture 6a Overview of mini--batch gradient descent},
  author={Hinton, Geoffrey and Srivastava, N and Swersky, Kevin}
}

@article{shamir,
title={Distribution-Specific Hardness of Learning neural Networks},
author={O. Shamir},
year={2016}
}

@article{andrychowicz2016learning,
  title={Learning to learn by gradient descent by gradient descent},
  author={Andrychowicz, Marcin and Denil, Misha and Gomez, Sergio and Hoffman, Matthew W and Pfau, David and Schaul, Tom and de Freitas, Nando},
  journal={arXiv preprint arXiv:1606.04474},
  year={2016}
}

@article{goodfellow2014qualitatively,
  title={Qualitatively characterizing neural network optimization problems},
  author={Goodfellow, Ian J and Vinyals, Oriol and Saxe, Andrew M},
  journal={arXiv preprint arXiv:1412.6544},
  year={2014}
}

@article{lee2016gradient,
  title={Gradient descent converges to minimizers},
  author={Lee, Jason D and Simchowitz, Max and Jordan, Michael I and Recht, Benjamin},
  journal={University of California, Berkeley},
  volume={1050},
  pages={16},
  year={2016}
}

@article{danieljoan,
  title={Topology and Geometry of Deep Rectified Network Optimization Landscapes},
  author={Freeman, Daniel and Bruna, Joan},
  journal={manuscript in preparation },
  year={2016}
  }

%  pages={2528--2536},
@inproceedings{szlam2005diffusion,
  title={Diffusion-driven multiscale analysis on manifolds and graphs: top-down and bottom-up constructions},
  author={Szlam, Arthur D and Maggioni, Mauro and Coifman, Ronald R and BremerJr, James C},
  booktitle={Optics \& Photonics 2005},
  pages={59141D--59141D},
  year={2005},
  organization={International Society for Optics and Photonics}
}

@article{mallat2016understanding,
  title={Understanding deep convolutional networks},
  author={Mallat, St{\'e}phane},
  journal={Phil. Trans. R. Soc. A},
  volume={374},
  number={2065},
  pages={20150203},
  year={2016},
  publisher={The Royal Society}
}

@article{coifman2006diffusionw,
  title={Diffusion wavelets},
  author={Coifman, Ronald R and Maggioni, Mauro},
  journal={Applied and Computational Harmonic Analysis},
  volume={21},
  number={1},
  pages={53--94},
  year={2006},
  publisher={Elsevier}
}

@inproceedings{rustamov2013wavelets,
  title={Wavelets on graphs via deep learning},
  author={Rustamov, Raif and Guibas, Leonidas J},
  booktitle={Advances in Neural Information Processing Systems},
  pages={998--1006},
  year={2013}
}

@article{cheng2016deep,
  title={Deep Haar scattering networks},
  author={Cheng, Xiuyuan and Chen, Xu and Mallat, St{\'e}phane},
  journal={Information and Inference},
  pages={iaw007},
  year={2016},
  publisher={Oxford University Press}
}

@inproceedings{gavish2010multiscale,
  title={Multiscale wavelets on trees, graphs and high dimensional data: Theory and applications to semi supervised learning},
  author={Gavish, Matan and Nadler, Boaz and Coifman, Ronald R},
  booktitle={Proceedings of the 27th International Conference on Machine Learning (ICML-10)},
  pages={367--374},
  year={2010}
}


@inproceedings{Verma:adaptive,
 author = {Verma, Nakul and Kpotufe, Samory and Dasgupta, Sanjoy},
 title = {Which Spatial Partition Trees Are Adaptive to Intrinsic Dimension?},
 booktitle = {Proc. Uncertainty in Artificial Intelligence},
 year = {2009},
  }
% pages = {565--574},


@book{Goodfellow-et-al-2016-Book,
    title={Deep Learning},
    author={I. Goodfellow and Y. Bengio and A. Courville},
    note={in preparation},
    publisher={MIT Press},
    year={2016}
}

@inproceedings{roux2008learning,
  title={Learning the 2-D topology of images},
  author={Roux, Nicolas L and Bengio, Yoshua and Lamblin, Pascal and Joliveau, Marc and K{\'e}gl, Bal{\'a}zs},
  booktitle={Proc. NIPS},
  year={2008}
}
%  pages={841--848},


@inproceedings{choromanska2015loss,
  title={The Loss Surfaces of Multilayer Networks},
  author={Choromanska, Anna and Henaff, Mikael and Mathieu, Michael and Arous, G{\'e}rard Ben and LeCun, Yann},
  booktitle={Proc. AISTATS},
  year={2015}
}

@inproceedings{kawaguchi2016deep,
  title={Deep Learning without Poor Local Minima},
  author={Kawaguchi, Kenji},
  booktitle={Proc. NIPS},
  year={2016}
}

@article{safran2015quality,
  title={On the quality of the initial basin in overspecified neural networks},
  author={Safran, Itay and Shamir, Ohad},
  journal={arXiv:1511.04210},
  year={2015}
}

@article{chen2015net2net,
  title={Net2net: Accelerating learning via knowledge transfer},
  author={Chen, Tianqi and Goodfellow, Ian and Shlens, Jonathon},
  journal={arXiv:1511.05641},
  year={2015}
}

@article{bengio2003neural,
  title={A neural probabilistic language model},
  author={Bengio, Yoshua and Ducharme, R{\'e}jean and Vincent, Pascal and Jauvin, Christian},
  journal={JMLR},
  volume={3},
  pages={1137--1155},
  year={2003}
}

@article{alipanahi2015predicting,
  title={{Predicting the sequence specificities of DNA-and RNA-binding proteins by deep learning}},
  author={Alipanahi, Babak and Delong, Andrew and Weirauch, Matthew T and Frey, Brendan J},
  journal={Nature Biotechnology},
  year={2015},
}

@article{mikolov2013efficient,
  title={Efficient estimation of word representations in vector space},
  author={Mikolov, Tomas and Chen, Kai and Corrado, Greg and Dean, Jeffrey},
  journal={arXiv:1301.3781},
  year={2013}
}

@article{tygert2016mathematical,
  title={A Mathematical Motivation for Complex-Valued Convolutional Networks},
  author={Tygert, Mark and Bruna, Joan and Chintala, Soumith and LeCun, Yann and Piantino, Serkan and Szlam, Arthur},
  journal={Neural Computation},
  year={2016},
}

@article{mallat2012group,
  title={Group invariant scattering},
  author={Mallat, St{\'e}phane},
  journal={Communications on Pure and Applied Mathematics},
  volume={65},
  number={10},
  pages={1331--1398},
  year={2012},
}

@book{mallat1999wavelet,
  title={A wavelet tour of signal processing},
  author={Mallat, St{\'e}phane},
  year={1999},
  publisher={Academic Press}
}

@article{springenberg2014striving,
  title={Striving for simplicity: The all convolutional net},
  author={Springenberg, Jost Tobias and Dosovitskiy, Alexey and Brox, Thomas and Riedmiller, Martin},
  journal={arXiv:1412.6806},
  year={2014}
}

%  Pentland, Alex Sandy and Adamic, Lada and Aral, Sinan and Barabasi, Albert Laszlo and Brewer, Devon and Christakis, Nicholas and Contractor, Noshir and Fowler, James and Gutmann, Myron and others},

@article{lazer2009life,
  title={Life in the network: the coming age of computational social science},
  author={Lazer, D. and others}, 
  journal={Science},
  volume={323},
  number={5915},
  pages={721},
  year={2009},
}

@article{milo2002network,
  title={Network motifs: simple building blocks of complex networks},
  author={Milo, R. and Shen-Orr, S. and Itzkovitz, S. and Kashtan, N. and Chklovskii, D. and Alon, U.},
  journal={Science},
  volume={298},
  number={5594},
  pages={824--827},
  year={2002},
}

@article{prvzulj2007biological,
  title={Biological network comparison using graphlet degree distribution},
  author={Pr{\v{z}}ulj, N.},
  journal={Bioinformatics},
  volume={23},
  number={2},
  pages={177--183},
  year={2007},
}

@article{fortunato2010community,
  title={Community detection in graphs},
  author={Fortunato, S.},
  journal={Physics Reports},
  volume={486},
  number={3},
  pages={75--174},
  year={2010},
}


@article{GNN,
  author    = {Franco Scarselli and
               Marco Gori and
               Ah Chung Tsoi and
               Markus Hagenbuchner and
               Gabriele Monfardini},
  title     = {The Graph Neural Network Model},
  journal   = {{IEEE} Trans. Neural Networks},
  volume    = {20},
  number    = {1},
  pages     = {61--80},
  year      = {2009},
}

@article{GGSNN,
Author = {Yujia Li and Daniel Tarlow and Marc Brockschmidt and Richard Zemel},
Title = {Gated Graph Sequence Neural Networks},
Year = {2015},
journal = {arXiv:1511.05493},
}

@article{comnets,
Author = {Sainbayar Sukhbaatar and Arthur Szlam and Rob Fergus},
Title = {Learning Multiagent Communication
with Backpropagation},
Year = {2016},
journal= {arXiv:1605.07736},
}

%  Rast, Jonathan P and Oliveri, Paola and Ransick, Andrew and Calestani, Cristina and Yuh, Chiou-Hwa and Minokawa, Takuya and Amore, Gabriele and Hinman, Veronica and Arenas-Mena, Cesar and others},

@article{davidson2002genomic,
  title={A genomic regulatory network for development},
  author={Davidson, E. H. and others},
  journal={Science},
  volume={295},
  number={5560},
  pages={1669--1678},
  year={2002},
}

@article{ovsjanikov2012functional,
  title={Functional maps: a flexible representation of maps between shapes},
  author={Ovsjanikov, M. and Ben-Chen, M. and Solomon, J. and Butscher, A. and Guibas, L. J.},
  journal={ACM Trans. Graphics},
  volume={31},
  number={4},
  pages={30},
  year={2012},
}

@article{rustamov2013map,
  title={Map-based exploration of intrinsic shape differences and variability},
  author={Rustamov, R. M. and Ovsjanikov, M. and Azencot, O. and Ben-Chen, M. and Chazal, F. and Guibas, L. J.},
  journal={ACM Trans. Graphics},
  volume={32},
  number={4},
  pages={72},
  year={2013},
}

@inproceedings{arie2012global,
  title={Global motion estimation from point matches},
  author={Arie-Nachimson, M. and Kovalsky, S. and Kemelmacher-Shlizerman, I. and Singer, A. and Basri, R.},
  booktitle={Proc. 3DIMPVT},
  year={2012},
}

@article{lecun2015deep,
  title={Deep learning},
  author={LeCun, Y. and Bengio, Y. and Hinton, G.},
  journal={Nature},
  volume={521},
  number={7553},
  pages={436--444},
  year={2015},
}

@inproceedings{lecun2010convolutional,
  title={Convolutional networks and applications in vision},
  author={LeCun, Y. and Kavukcuoglu, K. and Farabet, C.},
  booktitle={Proc. ISCAS},
  year={2010}
}

@inproceedings{cirecsan2011committee,
  title={A committee of neural networks for traffic sign classification},
  author={Cire{\c{s}}an, D. and Meier, U. and Masci, J. and Schmidhuber, J.},
  booktitle={Proc. IJCNN},
  year={2011},
}

@inproceedings{krizhevsky2012imagenet,
  title={Imagenet classification with deep convolutional neural networks},
  author={Krizhevsky, A. and Sutskever, I. and Hinton, G.},
  booktitle={Proc. NIPS},
  year={2012}
}

@inproceedings{taigman2014deepface,
  title={Deepface: Closing the gap to human-level performance in face verification},
  author={Taigman, Y. and Yang, M. and Ranzato, M. and Wolf, L.},
  booktitle={Proc. CVPR},
  year={2014}
}

@article{simonyan2014very,
  title={Very deep convolutional networks for large-scale image recognition},
  author={Simonyan, K. and Zisserman, A.},
  journal={arXiv:1409.1556},
  year={2014}
}

@article{he2015deep,
  title={Deep Residual Learning for Image Recognition},
  author={He, K. and Zhang, X. and Ren, S. and Sun, J.},
  journal={arXiv:1512.03385},
  year={2015}
}

@inproceedings{sutskever2014sequence,
  title={Sequence to sequence learning with neural networks},
  author={Sutskever, I. and Vinyals, O. and Le, Q. V.},
  booktitle={Proc. NIPS},
  year={2014}
}

@article{bruna2013spectral,
  title={Spectral networks and locally connected networks on graphs},
  author={Bruna, Joan and Zaremba, Wojciech and Szlam, Arthur and LeCun, Yann},
  journal={Proc. ICLR},
  year={2013}
}


@article{henaff2015deep,
  title={Deep convolutional networks on graph-structured data},
  author={Henaff, M. and Bruna, J. and LeCun, Y.},
  journal={arXiv:1506.05163},
  year={2015}
}


@inproceedings{masci2015geodesic,
  title={Geodesic convolutional neural networks on {R}iemannian manifolds},
  author={Masci, J. and Boscaini, D. and Bronstein, M. M. and Vandergheynst, P.},
  booktitle={Proc. 3DRR},
  year={2015}
}

@article{atwood2016search,
  title={Diffusion-Convolutional Neural Networks},
  author={Atwood, J. and Towsley, D.},
  journal={arXiv:1511.02136v2},
  year={2016}
}

@book{rosenberg1997laplacian,
  title={The {L}aplacian on a {R}iemannian manifold: an introduction to analysis on manifolds},
  author={Rosenberg, S.},
  year={1997},
  publisher={Cambridge University Press}
}


@inproceedings{defferrard2016convolutional,
  title={Convolutional Neural Networks on Graphs with Fast Localized Spectral Filtering},
  author={Defferrard, M. and Bresson, X. and Vandergheynst, P.},
  booktitle={Proc. NIPS},
  year={2016}
}



@article{pinkall1993computing,
  title={Computing discrete minimal surfaces and their conjugates},
  author={Pinkall, U. and Polthier, K.},
  journal={Experimental Mathematics},
  volume={2},
  number={1},
  pages={15--36},
  year={1993},
}



%  author={LeCun, Yann and Boser, Bernhard and Denker, John S and Henderson, Donnie and Howard, Richard E and Hubbard, Wayne and Jackel, Lawrence D},
@article{lecun1989backpropagation,
  title={Backpropagation applied to handwritten {ZIP} code recognition},
  author={LeCun, Y. and Boser, B. and Denker, J. S. and Henderson, D. and Howard, R. E. and Hubbard, W. and Jackel, L. D.},
  journal={Neural Computation},
  volume={1},
  number={4},
  pages={541--551},
  year={1989},
}

@article{goodfellow2013maxout,
  title={Maxout networks},
  author={Goodfellow, I. J. and Warde-Farley, D. and Mirza, M. and Courville, A. and Bengio, Y.},
  journal={arXiv:1302.4389},
  year={2013}
}

@article{felzenszwalb2010object,
  title={Object detection with discriminatively trained part-based models},
  author={Felzenszwalb, Pedro F and Girshick, Ross B and McAllester, David and Ramanan, Deva},
  journal={Trans. PAMI},
  volume={32},
  number={9},
  pages={1627--1645},
  year={2010},
  publisher={IEEE}
}

@article{mehta2014exact,
  title={An exact mapping between the variational renormalization group and deep learning},
  author={Mehta, Pankaj and Schwab, David J},
  journal={arXiv:1410.3831},
  year={2014}
}

@article{hopfield1982neural,
  title={Neural networks and physical systems with emergent collective computational abilities},
  author={Hopfield, John J},
  journal={PNAS},
  volume={79},
  number={8},
  pages={2554--2558},
  year={1982},
}

@article{olshausen1997sparse,
  title={Sparse coding with an overcomplete basis set: A strategy employed by V1?},
  author={Olshausen, Bruno A and Field, David J},
  journal={Vision Research},
  volume={37},
  number={23},
  pages={3311--3325},
  year={1997},
  publisher={Elsevier}
}

@inproceedings{field1989statistics,
  title={What the statistics of natural images tell us about visual coding},
  author={Field, David J},
  booktitle={Proc. SPIE},
  year={1989},
}
%  pages={269--276},


@article{simoncelli2001natural,
  title={Natural image statistics and neural representation},
  author={Simoncelli, Eero P and Olshausen, Bruno A},
  journal={Annual Review of Neuroscience},
  volume={24},
  number={1},
  pages={1193--1216},
  year={2001},
  publisher={Annual Reviews 4139 El Camino Way, PO Box 10139, Palo Alto, CA 94303-0139, USA}
}

@article{bruna2013invariant,
  title={Invariant scattering convolution networks},
  author={Bruna, J. and Mallat, S.},
  journal={Trans. PAMI},
  volume={35},
  number={8},
  pages={1872--1886},
  year={2013},
}




@inproceedings{sun2009concise,
  title={A Concise and Provably Informative Multi-Scale Signature Based on Heat Diffusion},
  author={Sun, J. and Ovsjanikov, M. and Guibas, L. J.},
  booktitle={Computer Graphics Forum},
  volume={28},
  number={5},
  pages={1383--1392},
  year={2009},
}



@inproceedings{su2015multi,
  title={Multi-view convolutional neural networks for {3D} shape recognition},
  author={Su, H. and Maji, S. and Kalogerakis, E. and Learned-Miller, E.},
  booktitle={Proc. ICCV},
  year={2015}
}

@article{poincare1908uniformisation,
  title={Sur l'uniformisation des fonctions analytiques},
  author={Poincar{\'e}, H.},
  journal={Acta Mathematica},
  volume={31},
  number={1},
  pages={1--63},
  year={1908},
}

@inproceedings{wu20153d,
  title={{3D} shapenets: A deep representation for volumetric shapes},
  author={Wu, Z. and Song, S. and Khosla, A. and Yu, F. and Zhang, L. and Tang, X. and Xiao, J.},
  booktitle={Proc. CVPR},
  year={2015}
}

@inproceedings{wei2016dense,
  title={Dense human body correspondences using convolutional networks},
  author={Wei, L. and Huang, Q. and Ceylan, D. and Vouga, E. and Li, H.},
  booktitle={Proc. CVPR},
  year={2016}
}

@article{farabet2013learning,
  title={Learning hierarchical features for scene labeling},
  author={Farabet, C. and Couprie, C. and Najman, L. and LeCun, Y.},
  journal={Trans. PAMI},
  volume={35},
  number={8},
  pages={1915--1929},
  year={2013},
}

@inproceedings{mikolov2011strategies,
  title={Strategies for training large scale neural network language models},
  author={Mikolov, T. and Deoras, A. and Povey, D. and Burget, L. and {\v{C}}ernock{\`y}, J.},
  booktitle={Proc. ASRU},
  pages={196--201},
  year={2011},
}

@article{hinton2012deep,
  title={Deep neural networks for acoustic modeling in speech recognition: The shared views of four research groups},
  author={Hinton, G. and Deng, L. and Yu, D. and Dahl, G. E. and Mohamed, A. and Jaitly, N. and Senior, A. and Vanhoucke, V. and Nguyen, P. and Sainath, T. N.},
  journal={{IEEE} Sig. Proc. Magazine},
  volume={29},
  number={6},
  pages={82--97},
  year={2012},
}

@article{hochreiter1997long,
  title={Long short-term memory},
  author={Hochreiter, S. and Schmidhuber, J.},
  journal={Neural Computation},
  volume={9},
  number={8},
  pages={1735--1780},
  year={1997},
}


@inproceedings{qi2016volumetric,
  title={Volumetric and Multi-View {CNN}s for Object Classification on {3D} Data},
  author={Qi, C. R. and Su, H. and Nie{\ss}ner, M. and Dai, A. and Yan, M. and Guibas, L. J.},
  booktitle={Proc. CVPR},
  year={2016}
}


@inproceedings{boscaini2016learning,
  title={Learning shape correspondence with anisotropic convolutional neural networks},
  author={Boscaini, D. and Masci, J. and Rodol{\`a}, E. and Bronstein, M. M.},
  booktitle={Proc. NIPS},
  year={2016}
}


@inproceedings{andreux2014anisotropic,
  title={Anisotropic {Laplace-Beltrami} operators for shape analysis},
  author={Andreux, M. and Rodol{\`a}, E. and Aubry, M. and Cremers, D.},
  booktitle={Proc. NORDIA},
  year={2014},
}


@inproceedings{boscaini2016anisotropic,
  title={Anisotropic diffusion descriptors},
  author={Boscaini, Davide and Masci, Jonathan and Rodol{\`a}, Emanuele and Bronstein, Michael M and Cremers, Daniel},
  booktitle={Computer Graphics Forum},
  volume={35},
  number={2},
  pages={431--441},
  year={2016},
}


@inproceedings{bronstein2010scale,
  title={Scale-invariant heat kernel signatures for non-rigid shape recognition},
  author={Bronstein, Michael M and Kokkinos, Iasonas},
  booktitle={Proc. CVPR}, 
  year={2010},
}



@article{bronstein2006generalized,
  title={Generalized multidimensional scaling: a framework for isometry-invariant partial surface matching},
  author={Bronstein, A. M. and Bronstein, M. M. and Kimmel, R.},
  journal={PNAS},
  volume={103},
  number={5},
  pages={1168--1172},
  year={2006},
}

@article{kim2011blended,
  title={Blended intrinsic maps},
  author={Kim, V. and Lipman, Y. and Funkhouser, T.},
  journal={ACM Trans. Graphics},
  volume={30},
  number={4},
  pages={79},
  year={2011},
}

@article{bronstein2011shape,
  title={{ShapeGoogle}: Geometric words and expressions for invariant shape retrieval},
  author={Bronstein, A. M. and Bronstein, M. M. and Guibas, L. J. and Ovsjanikov, M.},
  journal={ACM Trans. Graphics},
  volume={30},
  number={1},
  pages={1},
  year={2011},
}


@article{maaten2008visualizing,
  title={Visualizing data using t-{SNE}},
  author={Maaten, L. and Hinton, G.},
  journal={JMLR},
  volume={9},
  pages={2579--2605},
  year={2008}
}

@article{belkin2003laplacian,
  title={Laplacian eigenmaps for dimensionality reduction and data representation},
  author={Belkin, M. and Niyogi, P.},
  journal={Neural Computation},
  volume={15},
  number={6},
  pages={1373--1396},
  year={2003},
}

@article{coifman2006diffusion,
  title={Diffusion maps},
  author={Coifman, R. R. and Lafon, S.},
  journal={App. and Comp. Harmonic Analysis},
  volume={21},
  number={1},
  pages={5--30},
  year={2006},
}

@article{nash1956imbedding,
  title={The imbedding problem for {R}iemannian manifolds},
  author={Nash, J.},
  journal={Annals of Mathematics},
  volume={63},
  number={1},  
  pages={20--63},
  year={1956},
}


@article{tenenbaum2000global,
  title={A global geometric framework for nonlinear dimensionality reduction},
  author={Tenenbaum, J. B. and De Silva, V. and Langford, J. C.},
  journal={Science},
  volume={290},
  number={5500},
  pages={2319--2323},
  year={2000},
}

@article{roweis2000nonlinear,
  title={Nonlinear dimensionality reduction by locally linear embedding},
  author={Roweis, S. T. and Saul, L. K.},
  journal={Science},
  volume={290},
  number={5500},
  pages={2323--2326},
  year={2000},
}

@inproceedings{hadsell2006dimensionality,
  title={Dimensionality reduction by learning an invariant mapping},
  author={Hadsell, R. and Chopra, S. and LeCun, Y.},
  booktitle={Proc. CVPR},
  year={2006},
}





@inproceedings{cho2011friendship,
  title={Friendship and mobility: user movement in location-based social networks},
  author={Cho, E. and Myers, S. A. and Leskovec, J.},
  booktitle={Proc. KDD},
  year={2011},
}


@article{mikolov2013distributed,
  title={Distributed representations of words and phrases and their compositionality},
  author={Mikolov, T. and Dean, J.},
  journal={Proc. NIPS},
  year={2013}
}


@inproceedings{perozzi2014deepwalk,
  title={{DeepWalk}: Online learning of social representations},
  author={Perozzi, B. and Al-Rfou, R. and Skiena, S.},
  booktitle={Proc. KDD},
  year={2014},
}


@inproceedings{tang2015line,
  title={{LINE}: Large-scale information network embedding},
  author={Tang, J. and Qu, M. and Wang, M. and Zhang, M. and Yan, J. and Mei, Q.},
  booktitle={Proc. WWW},
  year={2015},
}

@inproceedings{cao2015grarep,
  title={{GraRep}: Learning graph representations with global structural information},
  author={Cao, S. and Lu, W. and Xu, Q.},
  booktitle={Proc. IKM},
  year={2015},
}



@inproceedings{tombari2010unique,
  title={Unique signatures of histograms for local surface description},
  author={Tombari, F. and Salti, S. and Di Stefano, L.},
  booktitle={Proc. ECCV},
  year={2010},
}


@article{shuman2013emerging,
  title={The emerging field of signal processing on graphs: Extending high-dimensional data analysis to networks and other irregular domains},
  author={Shuman, D. I. and Narang, S. K. and Frossard, P. and Ortega, A. and Vandergheynst, P.},
  journal={{IEEE} Sig. Proc. Magazine},
  volume={30},
  number={3},
  pages={83--98},
  year={2013},
}



@article{lim2015hodge,
  title={Hodge {L}aplacians on graphs},
  author={Lim, L.-H.},
  journal={arXiv:1507.05379},
  year={2015}
}

@incollection{wardetzky2008convergence,
  title={Convergence of the cotangent formula: An overview},
  author={Wardetzky, M.},
  booktitle={Discrete Differential Geometry},
  pages={275--286},
  year={2008},
}



@inproceedings{kovnatsky2013coupled,
  title={Coupled quasi-harmonic bases},
  author={Kovnatsky, A. and Bronstein, M. M. and Bronstein, A. M. and Glashoff, K. and Kimmel, R.},
  booktitle={Computer Graphics Forum},
  volume={32},
  number={2},
  pages={439--448},
  year={2013},
}

@article{eynard2015multimodal,
  title={Multimodal manifold analysis by simultaneous diagonalization of {L}aplacians},
  author={Eynard, D. and Kovnatsky, A. and Bronstein, M. M. and Glashoff, K. and Bronstein, A. M.},
  journal={Trans. PAMI},
  volume={37},
  number={12},
  pages={2505--2517},
  year={2015},
}

@inproceedings{boscaini2015shape,
  title={Shape-from-Operator: Recovering Shapes from Intrinsic Operators},
  author={Boscaini, D. and Eynard, D. and Kourounis, D. and Bronstein, M. M.},
  booktitle={Computer Graphics Forum},
  volume={34},
  number={2},
  pages={265--274},
  year={2015},
}


@article{shuman2016vertex,
  title={Vertex-frequency analysis on graphs},
  author={Shuman, D. I. and Ricaud, B. and Vandergheynst, P.},
  journal={App. and Comp. Harmonic Analysis},
  volume={40},
  number={2},
  pages={260--291},
  year={2016},
}



@inproceedings{boscaini2015learning,
  title={Learning class-specific descriptors for deformable shapes using localized spectral convolutional networks},
  author={Boscaini, D. and Masci, J. and Melzi, S. and Bronstein, M. M. and Castellani, U. and Vandergheynst, P.},
  booktitle={Computer Graphics Forum},
  volume={34},
  number={5},
  pages={13--23},
  year={2015},
}


@article{welling2016,
  title={Semi-Supervised Classification with Graph Convolutional Networks},
  author={T. N. Kipf and M. Welling},
  journal={arXiv:1609.02907},
  year={2016}
}

@inproceedings{gori2005new,
  title={A new model for learning in graph domains},
  author={Gori, M. and Monfardini, G. and Scarselli, F.},
  booktitle={Proc. IJCNN},
  year={2005},
}


@article{sen2008collective,
  title={Collective classification in network data},
  author={Sen, P. and Namata, G. and Bilgic, M. and Getoor, L. and Galligher, B. and Eliassi-Rad, T.},
  journal={AI Magazine},
  volume={29},
  number={3},
  pages={93},
  year={2008}
}






@inproceedings{biasotti2015recent,
  title={Recent trends, applications, and perspectives in {3D} shape similarity assessment},
  author={Biasotti, S. and Cerri, A. and Bronstein, A. M. and Bronstein, M. M.},
  booktitle={Computer Graphics Forum},
  year={2015},
}

@inproceedings{rodola2014dense,
  title={Dense non-rigid shape correspondence using random forests},
  author={Rodol{\`a}, Emanuele and Rota Bulo, Samuel and Windheuser, Thomas and Vestner, Matthias and Cremers, Daniel},
  booktitle={Proc. CVPR},
  year={2014}
}


@inproceedings{duvenaud2015convolutional,
  title={Convolutional networks on graphs for learning molecular fingerprints},
  author={Duvenaud, David K and Maclaurin, Dougal and Iparraguirre, Jorge and Bombarell, Rafael and Hirzel, Timothy and Aspuru-Guzik, Al{\'a}n and Adams, Ryan P},
  booktitle={Proc. NIPS},
  year={2015}
}




@article{litman2014learning,
  title={Learning spectral descriptors for deformable shape correspondence},
  author={Litman, Roee and Bronstein, Alexander M},
  journal={Trans. PAMI},
  volume={36},
  number={1},
  pages={171--180},
  year={2014},
}


@inproceedings{dosovitskiy2015flownet,
  title={Flownet: Learning optical flow with convolutional networks},
  author={Dosovitskiy, Alexey and Fischery, Philipp and Ilg, Eddy and Hazirbas, Caner and Golkov, Vladimir and van der Smagt, Patrick and Cremers, Daniel and Brox, Thomas and others},
  booktitle={Proc. ICCV},
  year={2015},
}


@inproceedings{wardetzky2007discrete,
  title={Discrete Laplace operators: no free lunch},
  author={Wardetzky, Max and Mathur, Saurabh and K{\"a}lberer, Felix and Grinspun, Eitan},
  booktitle={Proc. SGP},
  year={2007}
}


@article{von2007tutorial,
  title={A tutorial on spectral clustering},
  author={Von Luxburg, Ulrike},
  journal={Statistics and Computing},
  volume={17},
  number={4},
  pages={395--416},
  year={2007},
}

@article{dieleman2016wavenet,
  title={WaveNet: A Generative Model for Raw Audio},
  author={Dieleman, Sander and Zen, Heiga and Simonyan, Karen and Vinyals, Oriol and Graves, Alex and Kalchbrenner, Nal and Senior, Andrew and Kavukcuoglu, Koray},
  journal={arXiv:1609.03499},
  year={2016}
}



@inproceedings{dosovitskiy2016learning,
  title={Learning to Generate Chairs, Tables and Cars with Convolutional Networks},
  author={Dosovitskiy, Alexey and Springenberg, Jost and Tatarchenko, Maxim and Brox, Thomas},
  booktitle={Proc. CVPR},  
  year={2015},
}

